@article{einstein1935can,
  title={Can quantum-mechanical description of physical reality be considered complete?},
  author={Einstein, Albert and Podolsky, Boris and Rosen, Nathan},
  journal={Physical review},
  volume={47},
  number={10},
  pages={777},
  year={1935},
  publisher={APS}
}

@article{bohm1952suggested,
  title={A suggested interpretation of the quantum theory in terms of" hidden" variables. I},
  author={Bohm, David},
  journal={Physical Review},
  volume={85},
  number={2},
  pages={166},
  year={1952},
  publisher={APS}
}

@article{bohm1952suggested2,
  title={A suggested interpretation of the quantum theory in terms of" hidden" variables. II},
  author={Bohm, David},
  journal={Physical Review},
  volume={85},
  number={2},
  pages={180},
  year={1952},
  publisher={APS}
}

@article{bell1964on,
  title={On the Einstein Podolsky Rosen paradox},
  author={Bell, John},
  journal={Physics},
  volume={1},
  number={3},
  pages={195-200},
  year={1964},
  publisher={Physics Publishing Co.}
}

@article{clauser1969proposed,
  title={Proposed experiment to test local hidden-variable theories},
  author={Clauser, John F and Horne, Michael A and Shimony, Abner and Holt, Richard A},
  journal={Physical review letters},
  volume={23},
  pages={880--884},
  year={1969}
}

@article{aspect1982experimental2,
  title={Experimental test of Bell's inequalities using time-varying analyzers},
  author={Aspect, Alain and Dalibard, Jean and Roger, G{\'e}rard},
  journal={Physical review letters},
  volume={49},
  number={25},
  pages={1804},
  year={1982},
  publisher={APS}
}

@article{aspect1982experimental,
  title={Experimental realization of Einstein-Podolsky-Rosen-Bohm Gedankenexperiment: a new violation of Bell's inequalities},
  author={Aspect, Alain and Grangier, Philippe and Roger, G{\'e}rard and others},
  journal={Physical review letters},
  volume={49},
  number={2},
  pages={91--94},
  year={1982}
}

@article{mair2001entanglement,
  title={Entanglement of the orbital angular momentum states of photons},
  author={Mair, Alois and Vaziri, Alipasha and Weihs, Gregor and Zeilinger, Anton},
  journal={Nature},
  volume={412},
  number={6844},
  pages={313--316},
  year={2001},
  publisher={Nature Publishing Group}
}

@article{barreiro2005generation,
  title={Generation of hyperentangled photon pairs},
  author={Barreiro, Julio T and Langford, Nathan K and Peters, Nicholas A and Kwiat, Paul G},
  journal={Physical review letters},
  volume={95},
  number={26},
  pages={260501},
  year={2005},
  publisher={APS}
}

@article{rowe2001experimental,
  title={Experimental violation of a Bell's inequality with efficient detection},
  author={Rowe, Mary A and Kielpinski, David and Meyer, Volker and Sackett, Charles A and Itano, Wayne M and Monroe, Christopher and Wineland, David J},
  journal={Nature},
  volume={409},
  number={6822},
  pages={791--794},
  year={2001},
  publisher={Nature Publishing Group}
}

@article{blinov2004observation,
  title={Observation of entanglement between a single trapped atom and a single photon},
  author={Blinov, BB and Moehring, DL and Duan, L-M and Monroe, Chris},
  journal={Nature},
  volume={428},
  number={6979},
  pages={153--157},
  year={2004},
  publisher={Nature Publishing Group}
}

@article{ansmann2009violation,
  title={Violation of Bell's inequality in Josephson phase qubits},
  author={Ansmann, Markus and Wang, H and Bialczak, Radoslaw C and Hofheinz, Max and Lucero, Erik and Neeley, M and O'Connell, AD and Sank, D and Weides, M and Wenner, J and others},
  journal={Nature},
  volume={461},
  number={7263},
  pages={504--506},
  year={2009},
  publisher={Nature Publishing Group}
}

@article{pfaff2014unconditional,
  title={Unconditional quantum teleportation between distant solid-state quantum bits},
  author={Pfaff, W and Hensen, B and Bernien, H and van Dam, SB and Blok, MS and Taminiau, TH and Tiggelman, MJ and Schouten, RN and Markham, M and Twitchen, DJ and others},
  journal={Science},
  pages={1253512},
  year={2014},
  publisher={American Association for the Advancement of Science}
}

@article{bernien2013heralded,
  title={Heralded entanglement between solid-state qubits separated by three metres},
  author={Bernien, Hannes and Hensen, Bas and Pfaff, Wolfgang and Koolstra, Gerwin and Blok, MS and Robledo, Lucio and Taminiau, TH and Markham, Matthew and Twitchen, DJ and Childress, Lilian and others},
  journal={Nature},
  volume={497},
  number={7447},
  pages={86--90},
  year={2013},
  publisher={Nature Publishing Group}
}

@PhdThesis{Bernien2014thesis,
           title = "{Control, Measurement and Entanglement of Remote Quantum Spin Registers in Diamond}",
          author = "Hannes Bernien",
          school = "Delft University of Technology",
           month = February,
            year = "2014",
}

@article{robledo2011high,
  title={High-fidelity projective read-out of a solid-state spin quantum register},
  author={Robledo, Lucio and Childress, Lilian and Bernien, Hannes and Hensen, Bas and Alkemade, Paul FA and Hanson, Ronald},
  journal={Nature},
  volume={477},
  number={7366},
  pages={574--578},
  year={2011},
  publisher={Nature Publishing Group}
}

@article{bohm1957discussion,
  title={Discussion of experimental proof for the paradox of Einstein, Rosen, and Podolsky},
  author={Bohm, David and Aharonov, Yakir},
  journal={Physical Review},
  volume={108},
  number={4},
  pages={1070},
  year={1957},
  publisher={APS}
}

@book{griffiths1995introduction,
  title={Introduction to quantum mechanics},
  author={Griffiths, David Jeffrey and Harris, Edward G},
  volume={2},
  year={1995},
  publisher={Prentice Hall New Jersey}
}

@article{cirel1980quantum,
  title={Quantum generalizations of Bell's inequality},
  author={Cirel'son, Boris S},
  journal={Letters in Mathematical Physics},
  volume={4},
  number={2},
  pages={93--100},
  year={1980},
  publisher={Springer}
}


@book{ghatak1998introduction,
  title={An introduction to fiber optics},
  author={Ghatak, Ajoy and Thyagarajan, K},
  year={1998},
  publisher={Cambridge university press}
}


@article{rowe2001experimental,
  title={Experimental violation of a Bell's inequality with efficient detection},
  author={Rowe, Mary A and Kielpinski, David and Meyer, Volker and Sackett, Charles A and Itano, Wayne M and Monroe, Christopher and Wineland, David J},
  journal={Nature},
  volume={409},
  number={6822},
  pages={791--794},
  year={2001},
  publisher={Nature Publishing Group}
}

@article{pfaff2013demonstration,
  title={Demonstration of entanglement-by-measurement of solid-state qubits},
  author={Pfaff, Wolfgang and Taminiau, Tim H and Robledo, Lucio and Bernien, Hannes and Markham, Matthew and Twitchen, Daniel J and Hanson, Ronald},
  journal={Nature Physics},
  volume={9},
  number={1},
  pages={29--33},
  year={2013},
  publisher={Nature Publishing Group}
}

@book{thevenaz2011advanced,
  title={Advanced fiber optics: concepts and technology},
  author={Th{\'e}venaz, Luc},
  year={2011},
  publisher={EPFL Press}
}

@book{collette2013python,
  title={Python and HDF5},
  author={Collette, Andrew},
  year={2013},
  publisher={" O'Reilly Media, Inc."}
}